1457 2084
847 305 862 344 (
904 305 1025 345 484
998 300 1029 354 )

528 422 672 462 Kewiegelt
685 424 817 458 worden
807 418 822 466 ;
838 422 862 459 ſo
877 421 1000 460 ſ{hädlich
1014 422 1047 460 iſt
1063 427 1094 453 es
1109 420 1284 460 Vorurtheile
1296 427 1331 458 zu

527 464 668 502 pflanzen,
691 465 755 495 weil
769 466 804 502 ſie
817 465 866 501 ſih
879 464 970 503 zuleßt
982 471 1020 494 an
1035 465 1120 495 denen
1140 464 1214 503 ſelbſt
1228 464 1331 499 räheu,

528 514 583 549 die,
604 515 670 544 oder
690 514 772 543 deren
792 510 971 550 Vorgänger,
992 509 1049 546 ihre
1072 511 1194 549 Urheber
1215 509 1334 547 geweſen

525 545 597 592 ſind.
637 553 740 592 Daher
753 554 825 585 faun
840 555 884 584 ein
899 553 1056 591 Publifum
1069 561 1123 583 nur
1145 551 1269 589 langſam
1288 559 1336 587 zur

528 605 707 643 Aufélárung
720 603 865 641 gelangen.
903 603 1001 640 Durch
1012 605 1068 634 eine
1087 604 1249 636 Revolution
1265 605 1335 637 wird

526 654 660 691 vielleiht
673 653 748 690 wohl
764 655 809 685 ein
821 653 918 691 Abfall
937 659 992 682 von
1012 651 1202 688 perſönlichem
1222 650 1337 685 Despos

527 699 600 730 tism
613 702 670 730 und
683 698 926 736 gewinnſüchtiger
946 701 1009 728 oder
1031 696 1262 735 herrſchſüchtiger
1276 698 1337 729 Be-

530 744 680 782 drüffung,
701 742 767 773 aber
795 744 913 774 niemals
935 742 1027 779 wahre
1048 742 1168 779 Reform
1188 745 1234 773 der
1252 742 1335 774 Den-

529 788 667 827 kungsart
686 797 717 825 zu
738 788 857 822 Stande
877 788 1020 823 fommenz;
1039 788 1153 824 ſondern
1177 796 1245 819 neue
1258 788 1335 820 Vor-

528 838 649 875 urtheile
668 839 791 874 werden,
810 838 875 868 eben
898 836 1001 874 ſowohl
1023 836 1070 867 als
1093 838 1135 868 die
1160 835 1249 871 alten,
1272 842 1337 870 zum

530 885 677 919 Leltbande
714 887 762 916 des
802 883 1015 922 gedankeuloſen
1059 884 1163 921 großea
1201 882 1338 922 Haufens

529 930 641 964 dienen.

589 980 634 1018 Zu
646 980 729 1017 dieſer
741 980 917 1017 Aufflärung
928 977 994 1010 aber
1006 978 1077 1010 wird
1093 979 1183 1014 nichts
1199 977 1334 1015 erfordert

530 1028 577 1059 als
595 1026 798 1065 Freiheit;
819 1029 876 1056 und
889 1032 962 1063 zwar
974 1027 1017 1056 die
1037 1025 1238 1062 unſ{ädlichſte
1252 1030 1334 1056 unter

531 1073 626 1108 allem,
646 1077 709 1104 was
724 1080 778 1102 nur
788 1072 910 1110 Freiheit
922 1072 1019 1109 heißen
1039 1078 1114 1109 mag,
1136 1070 1251 1107 uämlich
1272 1073 1332 1102 die:

529 1127 587 1162 von
598 1120 682 1156 ſeiger
697 1120 846 1157 Vernunft
859 1121 890 1150 in
901 1120 974 1151 allen
984 1119 1117 1151 Stüffen
1129 1116 1333 1158 öffentlichen

530 1164 707 1202 Gebrauch
719 1172 751 1202 zu
765 1166 887 1202 machen.
925 1165 999 1197 Nun
1014 1165 1078 1202 hôre
1092 1166 1129 1201 i<
1148 1164 1214 1195 aber
1225 1171 1279 1193 vou
1292 1165 1334 1195 al-

532 1214 579 1245 len
592 1213 702 1246 Seiten
721 1212 820 1248 rufen:
846 1209 1008 1248 râſonnirt
1029 1211 1134 1250 n!
1172 1212 1236 1244 Der
1257 1212 1334 1249 Oſffis

529 1260 585 1297 zier
604 1258 679 1298 ſagt:
701 1259 840 1295 räſounirt
858 1260 941 1296 niht,
967 1257 1080 1293 ſonderu
1104 1259 1229 1293 exercirt!
1267 1260 1334 1291 Der

530 1304 721 1343 Finanzrath:
743 1305 883 1341 räſonnirt
896 1304 978 1346 uicht,
998 1304 1113 1339 ſondern
1127 1297 1247 1342 bezahit
1267 1304 1333 1337 Der

530 1355 696 1392 Geiſiliche
691 1349 703 1397 :
716 1354 856 1390 räſounirt
868 1354 950 1389 nichr,
969 1354 1084 1389 ſondern
1097 1353 1210 1391 glaubt!
1247 1354 1335 1391 (Nur

533 1400 582 1432 ein
593 1400 710 1437 einziger
721 1397 799 1436 Herr
811 1402 841 1430 in
855 1403 900 1438 der
914 1399 992 1431 Welt
1009 1398 1086 1435 ſagt:
1109 1395 1283 1434 räſonnirt,
1305 1397 1335 1434 ſo

530 1446 587 1478 viel
605 1447 649 1482 ihr
669 1446 758 1482 wolle,
778 1449 835 1477 und
854 1445 982 1477 worüber
1005 1444 1048 1480 ihr
1067 1445 1162 1478 wollt;
1192 1443 1267 1474 aber
1287 1450 1337 1480 ges

529 1491 690 1530 Horcht!)
727 1491 802 1529 Hier
813 1493 848 1530 iſt
860 1490 965 1525 überall
975 1480 1194 1526 Einſchränkung
1208 1491 1254 1518 der
1261 1488 1336 1524 Frels

532 1539 599 1578 heit.
637 1539 752 1574 Welche
767 1538 989 1576 Einſchränfung
1018 1538 1081 1568 aber
1102 1530 1136 1573 iſt
1155 1540 1200 1568 der
1217 1537 1333 1573 Aufklä-

533 1594 608 1625 xung
620 1587 788 1624 hinderlich
781 1583 797 1630 ?
808 1588 904 1621 welche
915 1586 1008 1626 nicht,
1017 1586 1130 1623 ſoudern
1138 1587 1181 1623 ihr
1194 1585 1268 1618 wohl
1282 1592 1336 1621 gar

533 1634 730 1672 beförderlih?
748 1650 787 1657 —
818 1634 884 1671 .Jch
904 1638 1058 1666 antworte:
1084 1635 1131 1666 der
1149 1628 1332 1672 öffentliche

531 1681 681 1718 Gebrauch
695 1679 779 1724 ſeinez
797 1679 946 1713 Veruunft
965 1679 1031 1714 muß
1051 1679 1184 1724 jederzeit
1198 1678 1249 1714 frei
1267 1678 1336 1714 ſein,

531 1726 592 1762 und
606 1726 653 1757 der
666 1723 750 1756 allein
763 1720 835 1756 fann
850 1712 1024 1768 Auſktläxung
1043 1717 1124 1756 ünter
1136 1721 1288 1761 Menſchen
1299 1728 1334 1758 zu

1233 1772 1335 1806 Stat
