1457 2083
114 382 443 452 Berliniſche
480 381 919 452 Monatsſchrift.

408 494 615 541 1784

251 574 418 623 Zwölftes
429 574 536 616 Stùk,
587 572 779 616 December.

766 780 836 804 ba

232 806 540 857 Beantwortung
568 808 631 850 der
652 800 798 858 Frage:

175 893 317 941 ÆWas
361 895 420 946 iſt
464 893 862 947 Aufklärung?

278 983 339 1021 (S.
353 981 490 1014 Decemb.
504 988 589 1018 1783.
608 980 653 1013 S,
664 981 751 1019 ç16.)

417 1035 460 1074 D

110 1070 161 1110 YM

110 1083 393 1123 «ufkilärung
413 1085 452 1121 iſt
472 1087 527 1115 der
551 1084 714 1121 Ausgang
740 1084 796 1114 des
818 1085 918 1117 UMens

113 1132 205 1170 Cchen
218 1141 281 1163 aus
297 1132 393 1169 ſeiner
414 1133 503 1170 ſelbſt
518 1132 756 1169 verſchuldeten
774 1129 923 1163 Unmüns

111 1180 240 1218 digFeit.
269 1176 541 1217 ‘nmündigkeit
572 1181 605 1215 iﬀ
634 1182 685 1209 das
714 1178 921 1215 Unvermögen,

114 1226 164 1263 fich
180 1227 267 1261 ſrines
280 1226 451 1262 Verſtandes
471 1227 542 1260 ohne
562 1225 675 1263 Leitung
703 1225 780 1254 eines
796 1227 921 1255 anderen

110 1280 147 1309 Ju
161 1274 299 1305 bedienen.
338 1273 649 1312 Seſlbſtverſchuldet
661 1274 696 1311 iſt
707 1272 778 1308 dieſe
790 1272 922 1308 Uumüns

115 1320 228 1356 digkeit,
247 1328 333 1350 wenn
351 1321 392 1350 die
406 1319 520 1356 Urſache
533 1319 668 1354 derſelben
683 1318 757 1353 niht
770 1327 817 1350 am
829 1318 924 1352 Mans

109 1367 154 1404 gel
169 1370 218 1397 des
232 1367 417 1403 Verſtandes,
437 1366 551 1400 ſondern
577 1369 624 1397 der
636 1366 856 1403 Entſchließung
865 1366 922 1396 und

109 1413 164 1442 des
180 1412 310 1449 Muthes
331 1413 407 1449 tiegt,
434 1411 484 1449 ſih
508 1412 594 1447 ſeiner
618 1410 689 1446 ohne
712 1410 828 1449 Lettnng
846 1411 923 1441 eines

113 1457 223 1485 andern
250 1453 284 1491 zu
302 1454 444 1485 ßedienen.
481 1455 577 1489 Sapere
594 1454 680 1484 ude!
719 1453 803 1491 Habe
821 1443 924 1497 Miith

112 1502 172 1538 dich
189 1506 281 1533 deines
296 1502 422 1539 eigenen
439 1492 483 1545 Ve:
501 1492 602 1544 ſtandes
624 1508 655 1537 zu
669 1493 816 1534 bedienen
803 1492 817 1544 !
834 1502 870 1539 ift
885 1502 926 1534 al-

111 1550 141 1589 ſe
156 1555 203 1582 der
217 1552 395 1588 Wahlipruch
406 1554 455 1580 der
469 1550 655 1588 Aufflärung.

173 1605 304 1641 Faulheit
318 1608 373 1635 und
383 1603 507 1642 Feigheit
519 1606 577 1642 find
595 1605 637 1635 die
645 1603 791 1640 Urſachen,
810 1609 922 1633 warum

111 1653 159 1684 ein
172 1654 199 1688 ſo
218 1655 315 1691 großer
331 1654 411 1690 Theil
428 1657 474 1684 der
486 1653 656 1689 Menſchen,
677 1653 806 1687 nachdem
828 1654 863 1690 ſie
881 1653 925 1684 die

114 1697 219 1730 Natur
235 1698 324 1734 láagſt
344 1706 399 1728 von
422 1697 540 1733 fremder
555 1697 668 1735 Leitung
687 1697 739 1734 frei
766 1695 923 1734 geſprochen

144 1742 194 1789 BB.
197 1746 396 1783 Monarsſchr,
412 1749 458 1779 IV,
464 1747 503 1779 BB,
518 1750 543 1778 6,
555 1748 610 1777 St,
692 1745 752 1782 Hh
860 1747 924 1778 (na-
