1457 2084
846 294 861 332 (
903 300 969 334 484
1011 294 1025 333 )

529 417 671 453 gewiegelt
683 419 817 451 worden;
836 417 862 452 ſo
876 417 1001 454 ſchaͤdlich
1015 419 1047 454 iﬅ
1064 423 1094 447 es
1109 418 1285 457 Vorurtheile
1297 430 1332 458 zu

527 463 668 499 pflanzen,
691 464 754 492 weil
768 465 803 499 ſie
818 464 865 499 ſich
878 465 970 501 zuletzt
983 474 1021 495 an
1036 467 1120 494 denen
1141 464 1214 502 ſelbﬅ
1229 468 1331 503 raͤchen,

528 510 581 543 die,
604 513 668 539 oder
690 512 770 540 deren
792 509 971 547 Vorgaͤnger,
992 510 1049 546 ihre
1073 511 1194 547 Urheber
1216 513 1334 549 geweſen

526 556 596 592 ſind.
637 555 738 592 Daher
753 557 824 585 kann
840 558 884 586 ein
899 557 1055 593 Publikum
1070 566 1123 587 nur
1147 557 1268 596 langſam
1289 568 1335 595 zur

527 602 706 639 Aufklaͤrung
719 604 862 640 gelangen.
902 603 1001 639 Durch
1009 606 1067 633 eine
1074 605 1249 635 Revolution
1264 607 1335 637 wird

526 649 658 683 vielleicht
673 648 746 685 wohl
763 651 806 678 ein
821 649 916 685 Abfall
936 658 991 681 von
1013 651 1201 686 perſoͤnlichem
1222 652 1336 685 Despo-

527 697 599 726 tism
613 700 670 726 und
683 695 925 732 gewinnſuͤchtiger
946 701 1010 727 oder
1031 697 1262 736 herrſchſuͤchtiger
1276 699 1338 729 Be-

530 743 680 780 druͤkkung,
701 742 766 771 aber
795 742 913 771 niemals
935 743 1027 780 wahre
1049 744 1169 779 Reform
1189 749 1234 775 der
1253 746 1336 776 Den-

529 790 665 826 kungsart
685 797 715 825 zu
737 788 856 819 Stande
877 788 1020 823 kommen;
1039 790 1153 824 ſondern
1178 801 1245 821 neue
1259 792 1335 822 Vor-

528 836 647 872 urtheile
668 836 789 870 werden,
810 836 874 865 eben
898 834 1000 872 ſowohl
1024 836 1069 866 als
1094 837 1135 866 die
1161 839 1248 872 alten,
1273 846 1335 874 zum

529 882 676 915 Leitbande
713 884 760 912 des
801 881 1015 919 gedankenloſen
1060 884 1163 919 großen
1202 884 1337 922 Haufens

527 930 638 961 dienen.

588 977 632 1014 Zu
646 976 727 1011 dieſer
740 976 914 1013 Aufklaͤrung
928 976 993 1007 aber
1007 978 1077 1008 wird
1094 977 1182 1009 nichts
1199 979 1334 1014 erfordert

530 1024 576 1055 als
595 1022 797 1061 Freiheit;
818 1026 874 1055 und
889 1031 960 1060 zwar
976 1026 1017 1055 die
1038 1025 1238 1061 unſchaͤdlichﬅe
1253 1031 1335 1057 unter

531 1073 625 1105 allem,
646 1077 708 1102 was
724 1080 777 1101 nur
788 1071 909 1107 Freiheit
922 1073 1019 1106 heißen
1040 1080 1115 1108 mag,
1137 1073 1252 1106 naͤmlich
1273 1074 1333 1103 die:

529 1126 584 1148 von
597 1118 681 1152 ſeiner
696 1118 845 1154 Vernunft
858 1119 889 1147 in
901 1118 973 1147 allen
986 1118 1117 1150 Stuͤkken
1130 1115 1332 1156 oͤffentlichen

528 1164 704 1200 Gebrauch
717 1173 748 1202 zu
763 1166 883 1200 machen.
922 1164 998 1195 Nun
1014 1166 1077 1201 hoͤre
1092 1166 1128 1199 ich
1149 1167 1213 1195 aber
1225 1174 1277 1195 von
1292 1167 1332 1196 al-

530 1213 576 1243 len
591 1212 700 1243 Seiten
720 1212 818 1247 rufen:
844 1210 1007 1246 raͤſonnirt
1029 1210 1133 1247 nicht!
1172 1213 1235 1243 Der
1258 1212 1333 1248 Offi-

530 1260 584 1297 zier
604 1258 679 1296 ſagt:
700 1258 838 1294 raͤſonnirt
858 1260 940 1293 nicht,
968 1257 1080 1291 ſondern
1106 1261 1229 1291 exercirt!
1268 1259 1334 1290 Der

530 1305 720 1342 Finanzrath:
743 1305 881 1338 raͤſonnirt
895 1305 979 1339 nicht,
999 1306 1113 1339 ſondern
1128 1304 1248 1341 bezahlt!
1268 1305 1332 1336 Der

529 1352 694 1386 Geiﬅliche:
715 1352 855 1382 raͤſonnirt
867 1353 948 1386 nicht,
970 1353 1084 1386 ſondern
1097 1352 1211 1387 glaubt!
1247 1351 1335 1387 (Nur

531 1401 578 1430 ein
592 1402 707 1436 einziger
720 1397 796 1437 Herr
809 1403 839 1429 in
854 1403 898 1428 der
912 1400 991 1430 Welt
1009 1399 1085 1435 ſagt:
1110 1395 1282 1433 raͤſonnirt,
1306 1398 1334 1433 ſo

529 1447 584 1476 viel
603 1446 647 1479 ihr
667 1447 756 1481 wollt,
777 1450 833 1475 und
853 1446 982 1475 woruͤber
1004 1445 1048 1480 ihr
1067 1444 1162 1478 wollt;
1192 1445 1267 1474 aber
1287 1453 1336 1480 ge-

529 1492 688 1530 horcht!)
727 1493 799 1531 Hier
814 1494 847 1530 iﬅ
860 1492 963 1522 uͤberall
975 1491 1193 1528 Einſchraͤnkung
1208 1494 1253 1521 der
1261 1491 1335 1527 Frei-

533 1540 598 1577 heit.
637 1539 746 1570 Welche
767 1540 989 1576 Einſchraͤnkung
1019 1540 1082 1567 aber
1105 1538 1136 1570 iﬅ
1156 1541 1200 1568 der
1219 1537 1333 1572 Aufklaͤ-

533 1595 606 1623 rung
620 1586 787 1621 hinderlich?
808 1587 903 1616 welche
915 1586 997 1620 nicht,
1018 1586 1130 1617 ſondern
1139 1584 1181 1620 ihr
1195 1584 1269 1615 wohl
1283 1592 1335 1619 gar

532 1632 728 1667 befoͤrderlich?
748 1649 785 1654 —
824 1632 883 1669 Ich
903 1638 1058 1662 antworte:
1085 1634 1131 1660 der
1152 1627 1331 1669 oͤffentliche

530 1678 679 1715 Gebrauch
693 1678 777 1713 ſeiner
796 1678 944 1711 Vernunft
966 1680 1030 1714 muß
1052 1679 1173 1713 jederzeit
1198 1678 1248 1712 frei
1267 1678 1335 1713 ſein,

530 1729 589 1758 und
605 1729 651 1758 der
665 1726 748 1759 allein
763 1727 833 1758 kann
849 1726 1023 1763 Aufklaͤrung
1043 1730 1123 1756 unter
1136 1722 1287 1761 Menſchen
1300 1732 1333 1759 zu

1234 1770 1335 1804 Stau-
