1457 2084
842 294 860 360 C
892 294 966 360 18a
1000 294 1028 360 I

525 413 670 468 gewiegelt
685 413 821 467 worden;
835 413 860 467 so
872 412 999 467 sch채dllch
1015 412 1052 466 ist
1060 412 1097 466 es
1109 411 1283 466 Vorurtheile
1299 411 1331 465 zu

525 456 675 511 pKanzen,
690 456 761 510 weil
770 456 800 510 se
819 456 866 510 sich
878 455 975 510 zuleht
983 455 1022 509 an
1037 455 1123 509 denen
1134 454 1213 509 selbst
1228 454 1332 508 r채chen,

525 505 591 557 die,
600 504 674 557 oder
690 504 773 556 deren
791 503 979 556 Vorg채nger,
988 503 1048 555 lhre
1071 503 1193 555 Urheber
1207 502 1328 554 gewesen

525 545 600 599 fnd.
636 544 744 599 Daher
753 544 819 598 kann
841 544 887 598 ein
903 543 1042 598 Publikum
1070 543 1122 597 nur
1144 542 1259 597 langsam
1287 542 1334 596 zur

526 595 705 650 Aufkl채rung
718 595 868 649 gelangen.
901 594 999 649 Durch
1012 593 1251 648 eineRevolution
1266 593 1332 647 wird

526 643 664 698 vtelleicht
673 643 748 697 wohl
765 643 803 697 ein
825 643 919 697 Abfall
935 642 995 696 von
1012 642 1187 696 pers철nlichem
1221 641 1339 695 Despo-

525 690 591 744 tism
613 689 667 744 und
684 689 923 743 gewinns체chtlger
945 688 1007 742 oder
1029 687 1265 742 herrschs체chtiger
1279 687 1340 741 Be-

525 735 688 788 dr체kkung,
702 735 770 787 aber
787 735 914 787 ntemals
932 734 1026 786 wahre
1048 734 1155 786 Reform
1178 733 1232 786 der
1253 733 1340 785 Den-

525 781 666 834 kungsart
687 781 713 833 zu
736 781 856 833 Stande
877 780 1026 833 kommen;
1037 780 1147 832 sondern
1174 779 1244 832 neue
1263 779 1338 831 Vor-

525 831 653 881 urtheile
668 830 791 880 werden,
806 830 869 880 eben
895 829 1007 880 sowohl
1022 829 1067 879 als
1092 829 1139 879 die
1156 828 1255 879 alten,
1266 828 1321 878 zum

526 876 681 931 Leitbande
706 876 759 930 des
792 875 1010 930 gedankenlosen
1049 875 1158 929 groen
1201 874 1334 929 Haufens

525 924 643 974 dienen.

534 970 627 1026 Zu
647 969 732 1026 dieser
744 969 916 1025 Auffl채rung
928 968 996 1025 aber
1005 968 1074 1024 wird
1094 968 1185 1024 niches
1199 967 1339 1024 erfordert

525 1019 579 1071 als
588 1018 799 1071 Freiheitz
819 1018 870 1070 und
886 1017 965 1070 zwar
974 1017 1015 1069 die
1038 1016 1242 1069 unsch채dlichste
1252 1016 1333 1068 unter

525 1066 632 1116 allem,
645 1065 707 1116 was
722 1065 776 1115 nur
792 1065 909 1115 Freiheit
922 1064 1016 1115 heien
1037 1064 1115 1114 mag,
1135 1063 1253 1114 n채mlich
1271 1063 1332 1113 died

525 1111 589 1165 von
599 1110 687 1165 seiner
700 1110 851 1164 Vernunft
861 1110 891 1164 in
901 1109 975 1164 allen
988 1109 1120 1163 St체kken
1130 1108 1336 1163 철jfentlichen

526 1157 707 1210 Sebrauch
717 1157 749 1209 zu
766 1157 889 1209 machen.
918 1156 1000 1209 Nan
1011 1156 1078 1208 h철te
1091 1156 1128 1208 ich
1149 1155 1216 1208 aber
1225 1155 1275 1207 vou
1290 1155 1336 1207 al-

525 1204 580 1258 len
595 1203 695 1258 Seiten
714 1203 824 1257 rufen:
843 1202 1004 1257 r채sonnirt
1028 1202 1138 1256 nicht!
1172 1201 1236 1256 Der
1256 1201 1333 1255 Ofje

525 1252 589 1304 zer
598 1251 683 1304 sagt:
695 1251 845 1303 r채sonnirt
859 1250 942 1303 ntcht,
964 1250 1075 1302 sondern
1100 1249 1235 1302 eterclrt!
1266 1249 1332 1301 Der

525 1296 727 1351 Finanzrath:
744 1296 888 1350 r채sonnirt
895 1295 987 1350 nicht,
994 1295 1108 1349 sondern
1126 1294 1252 1349 bezahlt!
1266 1294 1331 1348 Der

525 1345 700 1400 Geistliche:
718 1345 861 1399 r채sonnirt
870 1344 959 1399 ntcht,
966 1344 1086 1398 sondern
1096 1343 1215 1398 glaubt!
1245 1343 1334 1397 (Nur

525 1392 572 1444 ein
594 1391 712 1444 etnziger
723 1391 802 1443 Herr
813 1391 842 1443 in
852 1391 904 1443 der
912 1390 991 1443 Welt
1010 1390 1090 1442 sagt:
1102 1389 1286 1442 r채sonnirt,
1299 1389 1329 1441 so

526 1439 589 1489 viel
606 1439 647 1489 ihr
667 1438 759 1488 wollt,
779 1438 830 1488 und
853 1437 979 1488 wor체ber
1002 1437 1047 1487 ihr
1066 1437 1163 1487 wolt;
1185 1436 1265 1487 aber
1285 1436 1340 1486 gee

525 1480 685 1537 horcht!0
727 1480 806 1536 Hter
814 1480 852 1536 ist
863 1479 971 1536 체berall
976 1479 1194 1535 Einschr채nkung
1211 1478 1341 1534 derFreb-

525 1529 602 1585 heit.
636 1528 752 1585 Welche
766 1527 984 1584 Einschr채nkung
1009 1527 1085 1583 aber
1102 1527 1135 1583 ist
1150 1527 1197 1583 der
1219 1526 1336 1582 Aufkl채-

525 1580 606 1632 rung
619 1579 792 1632 hinderlich?
809 1579 905 1631 welche
917 1578 1012 1631 nicht,,
1020 1578 1180 1630 sondexnihr
1196 1577 1269 1630 wohl
1283 1577 1334 1629 gar

525 1624 733 1679 essrderlich?
749 1624 764 1678 -
814 1624 883 1678 Jch
903 1623 1062 1678 antworte:
1080 1623 1129 1677 der
1151 1622 1336 1677 Iffentliche

526 1671 682 1726 Gebrauch
698 1671 782 1725 seiner
798 1670 945 1725 Vernuuft
959 1670 1032 1724 mus
1042 1670 1162 1724 jederzei
1201 1669 1250 1724 frei
1262 1669 1336 1723 sein,

526 1714 587 1770 und
601 1714 657 1770 der
668 1713 743 1769 allein
762 1713 828 1769 kann
851 1712 1022 1769 Aufdlgtung
1035 1712 1126 1768 unter
1136 1711 1290 1768 Menschen
1301 1711 1315 1767 z

1171 1763 1335 1818 Stane
