1457 2083
109 361 444 469 Berlinische
482 361 926 469 Monatsschrift.

305 477 437 555 r
450 477 534 555 ?s
563 477 617 555 g-

246 560 412 632 Zwölfees
432 560 538 632 Scäk.
586 560 782 632 Deeember.

763 777 772 811 -
802 777 818 811 p

170 792 537 868 Beantwortung
567 792 636 868 der
654 792 803 868 Frage:

170 877 312 957 Was
343 877 427 957 ist
450 877 533 957 Au
557 877 868 957 fkläryng?

174 970 342 1028 gS.
355 970 494 1028 Decemb.
508 970 592 1028 fzz.
604 970 657 1028 G.
667 970 735 1028 euC.

352 1013 430 1091 e

107 1053 161 1125 Dt

107 1075 155 1129 ===
171 1075 386 1129 ufkkärung
413 1075 457 1129 ist
474 1074 523 1128 der
548 1074 704 1128 Ausgang
738 1074 792 1128 des
815 1074 899 1128 Men

107 1124 206 1176 schen
218 1124 278 1176 aus
298 1124 397 1176 seiner
414 1123 508 1176 selbst
519 1123 757 1175 verschuldeten
774 1123 924 1175 Unmüne

107 1171 246 1223 digkeit.
285 1170 545 1223 Unmündigkeit
564 1170 603 1222 nt
626 1170 681 1222 das
704 1170 926 1222 Uwwermögen,

107 1218 166 1268 sich
181 1218 265 1268 seines
277 1218 449 1268 Verstandes
469 1217 537 1268 ohne
561 1217 674 1267 Lettrng
698 1217 776 1267 etnes
796 1217 914 1267 anderen

107 1264 141 1318 zu
164 1264 302 1318 bedtenen.
338 1263 653 1318 Selbstverschuldet
665 1263 696 1317 ist
709 1263 777 1317 diese
796 1263 925 1317 Uymüne

107 1311 228 1363 digket,
248 1311 330 1363 wemn
342 1311 393 1363 die
410 1310 521 1363 Ursache
533 1310 670 1362 derselben
685 1310 762 1362 nicht
774 1310 803 1362 am
830 1310 905 1362 Man

107 1358 161 1410 gel
169 1358 214 1410 des
236 1358 417 1410 Verstandes,
438 1357 553 1410 sondern
571 1357 621 1409 der
636 1357 847 1409 Entschließung
865 1357 918 1409 und

107 1403 158 1455 des
182 1403 305 1455 Muthes
327 1403 409 1455 ktegt,
429 1402 481 1455 sich
504 1402 591 1454 seiner
612 1402 693 1454 ohne
709 1402 826 1454 Lennng
846 1402 917 1454 eines

108 1444 226 1498 andern
244 1444 275 1498 zn
301 1444 446 1498 bedienen.
480 1443 574 1497 Epere
589 1443 682 1497 zwe!
717 1443 803 1497 Habe
824 1443 921 1497 Aeß

108 1493 173 1545 dtch
188 1493 278 1545 demes
296 1493 422 1545 eigenen
440 1492 606 1545 Venstandes
624 1492 648 1544 zu
670 1492 817 1544 bedtenen!
835 1492 874 1544 lst
882 1492 928 1544 at-

108 1541 140 1595 so
152 1541 207 1595 der
220 1541 392 1595 Wahkspruch
411 1541 452 1595 der
472 1540 657 1594 Aufklärung.

110 1596 308 1648 Faulheit
317 1596 370 1648 und
382 1595 512 1648 Fetghett
521 1595 576 1647 sind
594 1595 642 1647 die
647 1595 790 1647 Ursachen,
810 1595 911 1647 warum

108 1645 160 1697 ein
170 1645 196 1697 so
217 1645 319 1697 großer
334 1645 404 1697 Theu
424 1644 477 1697 der
491 1644 656 1696 Menschen,
678 1644 793 1696 nachdem
822 1644 863 1696 sie
876 1644 923 1696 die

108 1688 223 1742 Matur
232 1688 328 1742 längst
343 1688 400 1742 von
419 1687 537 1742 fremder
557 1687 667 1741 Leitung
686 1687 747 1741 frei
756 1687 917 1741 gesprochen

108 1736 399 1792 .onatoschr.
411 1735 546 1792 .d.s.
558 1735 604 1791 Sn
690 1735 749 1791 Hh
857 1735 925 1791 C-
