1457 2083
114 368 441 436 Berliniſche
483 367 917 436 Monatsſchrift.

410 489 428 518 1
460 486 488 527 7
518 483 541 524 8
572 488 614 529 4.

253 572 416 619 Zwoͤlftes
430 569 534 610 Stuͤk.
588 571 778 611 December.

500 747 526 770 I.

232 806 538 856 Beantwortung
568 809 629 846 der
653 805 796 856 Frage:

175 886 315 932 Was
361 887 417 939 iﬅ
463 885 859 937 Aufklaͤrung?

277 979 337 1016 (S.
353 979 488 1010 Decemb.
504 985 587 1014 1783.
607 978 652 1009 S.
664 978 750 1015 516.)

113 1057 161 1116 A

171 1084 391 1119 ufklaͤrung
413 1085 451 1119 iﬅ
473 1088 526 1115 der
551 1085 713 1122 Ausgang
740 1086 794 1114 des
819 1085 918 1115 Men-

114 1132 204 1169 ſchen
218 1141 280 1162 aus
297 1133 392 1168 ſeiner
415 1132 503 1168 ſelbﬅ
519 1133 755 1169 verſchuldeten
774 1130 922 1161 Unmuͤn-

113 1179 239 1215 digkeit.
286 1177 540 1215 Unmuͤndigkeit
571 1181 604 1213 iﬅ
633 1182 684 1208 das
713 1178 921 1215 Unvermoͤgen,

114 1226 163 1261 ſich
179 1226 265 1258 ſeines
280 1226 450 1261 Verﬅandes
471 1228 541 1259 ohne
562 1225 674 1263 Leitung
703 1227 778 1254 eines
797 1228 920 1255 anderen

111 1279 145 1308 zu
160 1272 298 1301 bedienen.
338 1272 647 1309 Selbﬅverſchuldet
662 1273 694 1308 iﬅ
709 1271 776 1305 dieſe
790 1270 921 1304 Unmuͤn-

114 1319 226 1353 digkeit,
247 1326 332 1347 wenn
351 1320 391 1348 die
406 1319 518 1353 Urſache
533 1319 666 1352 derſelben
683 1318 756 1352 nicht
770 1326 817 1347 am
830 1318 924 1348 Man-

109 1365 154 1400 gel
168 1367 217 1392 des
232 1364 416 1401 Verﬅandes,
436 1367 550 1399 ſondern
577 1369 623 1394 der
636 1365 851 1401 Entſchließung
866 1366 922 1394 und

112 1412 162 1440 des
182 1410 308 1447 Muthes
330 1414 406 1448 liegt,
434 1413 482 1448 ſich
508 1413 592 1447 ſeiner
618 1412 687 1446 ohne
712 1411 826 1448 Leitung
847 1412 922 1440 eines

113 1460 222 1486 andern
249 1466 278 1493 zu
302 1458 442 1487 bedienen.
480 1460 575 1492 Sapere
594 1458 678 1485 aude!
718 1456 801 1494 Habe
827 1455 923 1493 Muth

112 1504 170 1536 dich
188 1505 280 1532 deines
295 1505 420 1541 eigenen
436 1504 608 1541 Verﬅandes
622 1513 653 1541 zu
668 1505 816 1534 bedienen!
835 1504 869 1540 iﬅ
885 1504 926 1533 al-

110 1548 139 1585 ſo
154 1553 200 1578 der
215 1550 393 1586 Wahlſpruch
406 1555 453 1580 der
467 1551 653 1588 Aufklaͤrung.

171 1604 302 1640 Faulheit
316 1610 370 1635 und
382 1606 505 1643 Feigheit
517 1609 575 1643 ſind
594 1608 635 1636 die
644 1605 788 1641 Ursachen,
809 1612 921 1635 warum

109 1651 158 1681 ein
171 1652 198 1683 ſo
217 1652 314 1688 großer
330 1652 410 1686 Theil
426 1657 472 1682 der
485 1653 655 1688 Menſchen,
676 1653 805 1687 nachdem
827 1654 862 1688 ſie
881 1653 925 1682 die

113 1695 216 1727 Natur
234 1698 322 1734 laͤngﬅ
342 1708 397 1728 von
421 1700 538 1733 fremder
553 1701 666 1738 Leitung
685 1701 737 1737 frei
765 1698 922 1736 geſprochen

147 1742 395 1780 B.Monatsſchr.
410 1746 456 1775 IV.
462 1746 502 1775 B.
517 1748 541 1775 6.
554 1746 608 1775 St.
691 1747 750 1784 Hh
860 1747 923 1777 (na-
